<?xml version="1.0" encoding="UTF-8"?><collection xmlns="http://www.loc.gov/MARC21/slim"><record><leader>00396nam--2200121-i-4500</leader><controlfield tag="001">000025704</controlfield><controlfield tag="002">20161230</controlfield><controlfield tag="005">20161230201036</controlfield><controlfield tag="008">060222s1000------------r-----000-0-eng-d</controlfield><datafield ind1=" " ind2=" " tag="245"><subfield code="a">The internationl encyclopedia of physical and chemical physics. topic. 10: the fluid state. vol.1. lattice theories of the liquid state</subfield></datafield><datafield ind1=" " ind2=" " tag="260"><subfield code="a">Oxford, Pergamon Press, 1963</subfield></datafield><datafield ind1=" " ind2=" " tag="700"><subfield code="a">J.A. Barker</subfield></datafield><datafield ind1=" " ind2=" " tag="852"><subfield code="a">11315</subfield></datafield></record></collection>